@misc{nim_wikipedia,
	author = "{Wikipedia contributors}",
	title = "Nim --- {Wikipedia}{,} The Free Encyclopedia",
	year = "2021",
	url = "https://en.wikipedia.org/w/index.php?title=Nim&oldid=1038469845",
	note = "[Online; accessed 16-September-2021]"
}

@misc{pencil_website,
	author = "{Evolus}",
	title = "Pencil Website (http://pencil.evolus.vn)",
	url = "http://pencil.evolus.vn/",
}

@book{GoF,
	author = {Gamma, Erich and Helm, Richard and Johnson, Ralph and Vlissides, John},
	title = {Design Patterns: Elements of Reusable Object-Oriented Software},
	year = {1995},
	isbn = {0201633612},
	publisher = {Addison-Wesley Longman Publishing Co., Inc.},
	address = {USA}
}